

@misc{IDE15,
  author        ={{\uppercase IDEIA}},
  title         ={{\uppercase IDEIA} - Instituto de Pesquisa e Desenvolvimento},
  url           ={http://www.lad.pucrs.br},
  urlaccessdate ={Março, 2015},
  year          ={2015},

}

@misc{JOH15,
  author        ={Martin Johnson},
  title         ={Parallel Sorting Algorithms},
  url           ={http://www.massey.ac.nz/~mjjohnso/notes/59735},
  urlaccessdate ={Março, 2015},
  year          ={2015},
}

@misc{BEA15,
  author        ={Brien Beattie},
  title         ={Parallel Algorithms},
  url           ={http://www2.cs.uregina.ca/~beattieb/CS340},
  urlaccessdate ={Março, 2015},
  year          ={2015},
}

@book{HAM13,
  author        ={Scott L. Hamilton},
  title         ={An Introduction to Parallel Programing},
  year          ={2013},
}