
@online{Insertion,
  author        ={{\uppercase MATHBITS}},
  title         ={ Beggining Java, Unit 6 - Insertion Sort},
  url           ={http://mathbits.com/MathBits/Java/arrays/InsertionSort.htm},
  urlaccessdate ={Abril, 2015},
  year          ={2015},

}

@misc{IDE15,
  author        ={{\uppercase IDEIA}},
  title         ={{\uppercase IDEIA} - Instituto de Pesquisa e Desenvolvimento},
  url           ={http://www.lad.pucrs.br},
  urlaccessdate ={Abril, 2015},
  year          ={2015},

}

@book{HAM13,
  author        ={Scott L. Hamilton},
  title         ={An Introduction to Parallel Programing},
  year          ={2013},
}

